@mastersthesis{ parker_thesis,
    author = { Colin J. Parker },
    title  = { Tolerance to Large Injected Charges in Silicon Strip Detectors },
    school = { University of California Santa Cruz },
    year   = { 2012 },
    month  = { 6 },
}


@mastersthesis{ betancourt_thesis,
    author = { Christopher Betancourt },
    title  = { The Punch-Through Effect in Silicon Strip Detectors },
    school = { University of California Santa Cruz },
    year   = { 2011 },
    month  = { 6 },
}
